
@article{jardosh2005real,
	title={Real-world environment models for mobile network evaluation},
	author={Jardosh, Amit P and Belding-Royer, Elizabeth M and Almeroth, Kevin C and Suri, Subhash},
	journal={IEEE Journal on Selected Areas in Communications},
	volume={23},
	number={3},
	pages={622--632},
	year={2005},
	publisher={IEEE}
}
@inproceedings{chatzigiannakis2006modeling,
	title={Modeling and evaluation of the effect of obstacles on the performance of wireless sensor networks},
	author={Chatzigiannakis, Ioannis and Mylonas, Georgios and Nikoletseas, Sotiris},
	booktitle={39th Annual Simulation Symposium (ANSS'06)},
	pages={11--pp},
	year={2006},
	organization={IEEE}
}
@article{chatzigiannakis2007model,
	title={A Model for Obstacles to be used in Simulations of Wireless Sensor Networks and its Application in studying Routing Protocol Performance},
	author={Chatzigiannakis, Ioannis and Mylonas, Georgios and Nikoletseas, Sotiris},
	journal={Simulation},
	volume={83},
	number={8},
	pages={587--608},
	year={2007},
	publisher={Sage Publications Sage UK: London, England}
}
@inproceedings{jardosh2003towards,
	title={Towards realistic mobility models for mobile ad hoc networks},
	author={Jardosh, Amit and Belding-Royer, Elizabeth M and Almeroth, Kevin C and Suri, Subhash},
	booktitle={Proceedings of the 9th annual international conference on Mobile computing and networking},
	pages={217--229},
	year={2003}
}
@article{liu2017obstacle,
  title={Obstacle-avoidance minimal exposure path for heterogeneous wireless sensor networks},
  author={Liu, Li and Han, Guangjie and Wang, Hao and Wan, Jiafu},
  journal={Ad Hoc Networks},
  volume={55},
  pages={50--61},
  year={2017},
  publisher={Elsevier}
}
@article{lee2013best,
  title={Best and worst-case coverage problems for arbitrary paths in wireless sensor networks},
  author={Lee, Chunseok and Shin, Donghoon and Bae, Sang Won and Choi, Sunghee},
  journal={Ad Hoc Networks},
  volume={11},
  number={6},
  pages={1699--1714},
  year={2013},
  publisher={Elsevier}
}
@article{binh2019efficient,
  title={Efficient approximation approaches to minimal exposure path problem in probabilistic coverage model for wireless sensor networks},
  author={Binh, Huynh Thi Thanh and Binh, Nguyen Thi My and Ngoc, Nguyen Hong and Ly, Dinh Thi Ha and Nghia, Nguyen Duc},
  journal={Applied Soft Computing},
  volume={76},
  pages={726--743},
  year={2019},
  publisher={Elsevier}
}
@inproceedings{veltri2003minimal,
  title={Minimal and maximal exposure path algorithms for wireless embedded sensor networks},
  author={Veltri, Giacomino and Huang, Qingfeng and Qu, Gang and Potkonjak, Miodrag},
  booktitle={Proceedings of the 1st international conference on Embedded networked sensor systems},
  pages={40--50},
  year={2003},
  organization={ACM}
}
@article{djidjev2010approximation,
  title={Approximation algorithms for computing minimum exposure paths in a sensor field},
  author={Djidjev, Hristo N},
  journal={ACM Transactions on Sensor Networks (TOSN)},
  volume={7},
  number={3},
  pages={23},
  year={2010},
  publisher={ACM}
}
@inproceedings{binh2016heuristic,
  title={Heuristic algorithm for finding maximal breach path in wireless sensor network with omnidirectional sensors},
  author={Binh, Huynh Thi Thanh and Binh, Nguyen Thi My and Hoang, Nguyen Huy and Tu, Pham Anh},
  booktitle={2016 IEEE Region 10 Humanitarian Technology Conference (R10-HTC)},
  pages={1--6},
  year={2016},
  organization={IEEE}
}
@article{wu2016survey,
  title={A survey on barrier coverage with sensors},
  author={Wu, Fan and Gui, Yang and Wang, Zhibo and Gao, Xiaofeng and Chen, Guihai},
  journal={Frontiers of Computer Science},
  volume={10},
  number={6},
  pages={968--984},
  year={2016},
  publisher={Springer}
}
@inproceedings{meguerdichian2001exposure,
  title={Exposure in wireless ad-hoc sensor networks},
  author={Meguerdichian, Seapahn and Koushanfar, Farinaz and Qu, Gang and Potkonjak, Miodrag},
  booktitle={Proceedings of the 7th annual international conference on Mobile computing and networking},
  pages={139--150},
  year={2001},
  organization={ACM}
}
@article{megerian2002exposure,
  title={Exposure in wireless sensor networks: theory and practical solutions},
  author={Megerian, Seapahn and Koushanfar, Farinaz and Qu, Gang and Veltri, Giacomino and Potkonjak, Miodrag},
  journal={Wireless Networks},
  volume={8},
  number={5},
  pages={443--454},
  year={2002},
  publisher={Springer-Verlag New York, Inc.}
}
@article{megerian2005worst,
  title={Worst and best-case coverage in sensor networks},
  author={Megerian, Seapahn and Koushanfar, Farinaz and Potkonjak, Miodrag and Srivastava, Mani B},
  journal={IEEE transactions on mobile computing},
  volume={4},
  number={1},
  pages={84--92},
  year={2005},
  publisher={IEEE}
}
@article{wang2011coverage,
  title={Coverage problems in sensor networks: A survey},
  author={Wang, Bang},
  journal={ACM Computing Surveys (CSUR)},
  volume={43},
  number={4},
  pages={32},
  year={2011},
  publisher={ACM}
}
@article{liu2014minimal,
  title={Minimal exposure path algorithms for directional sensor networks},
  author={Liu, Liang and Zhang, Xi and Ma, Huadong},
  journal={Wireless Communications and Mobile Computing},
  volume={14},
  number={10},
  pages={979--994},
  year={2014},
  publisher={Wiley Online Library}
}
@article{b8,
  title   = " Mathematical methods for physicists",
  journal = "7th edn. orlando, FL: Acadamic Press ",
  volume = " ", 
  number = " ",
  page = "1081--1124",
  year  = "2013",
   author  = "G. Arfken and H. J. Weber and F.E. {Harris.}"
}
@article{b9,
  title   = " Percolation theory-based exposure-path prevention for wireless sensor networks coverage in internet of things",
  journal = " IEEE Sensors Journal ",
  volume  = "13",
  number  = "1-–10",
  pages   = " 3625--3636",
  year    = "2013",
    author  = "L. Liu and X. Zhang and H. {Ma.} "
}
@article{b10,
  title   = "A Biology-Based Algorithm to Minimal Exposure Problem of Wireless Sensor Networks",
  journal = "IEEE Trans. Network and Service Management ",
  volume  = "11",
  number  = "1-–3",
  pages   = "417--430",
  year    = "2014",
    author  = " Y. Song and L. Liu and H. Ma and A. V. {Vasilakos.}"
}
@article{b11,
  title   = " Hybrid particle swarm algorithm for minimum exposure path problem in heterogeneous wireless sensor network",
  journal = " International Journal of Wireless and Mobile Computing ",
  volume  = "8",
  number  = "1",
  pages   = "74--81",
  year    = "2015",
  author  = "Y. Miao and Y. Wang and W.{Jing--Xuan.}"
}
@article{b12,
  title   = "A hybrid genetic algorithm for the minimum exposure path problem of wireless sensor networks based on a numerical functional extreme modele",
  journal = " IEEE Transactions on Vehicular Technology ",
  volume  = "65",
  number  = "1-–10",
  pages   = " 8644--8657",
  year    = "2016",
    author  = " M. Ye and Y. Wang and C. Dai and X. {Wang.}"
}
@article{b13,
  title   = " Sensor deployment strategy for detection of targets traversing a region",
  journal = "Mobile Networks and Applications",
  volume  = "8",
  number  = "1-–4",
  pages   = "453--461",
  year    = "2003",
    author  = "T. Clouqueur and V. Phipatanasuphorn and P.Ramanathan and K. K. {Saluja.}"
}

@article{b15,
  title   = "Coverage in wireless sensor networks: A survey",
  journal = "Network Protocols and Algorithms ",
  volume  = "2",
number = "2",
 pages   = "27--53",
year    = "2010",
  author  = " R. Mulligan and H. M. {Ammari.}"
}

@article{b17,
  title   = "Sensor deployment and target localization in distributed sensor networks",
  journal = " ACM Transactions on Embedded Computing Systems (TECS) ",
  volume  = "3",
  number  = "1",
  pages   = "61--91",
  year    = "2004",
   author  = "Y. Zou and K. {Chakrabarty.}"
}


@article{b20,
  title   = " A note on the generation of random normal deviates",
  journal = "Ann. Math. Stat.",
  volume  = "29",
   pages   = "610--611",
  year    = "1958",
   author  = "G. EP. {Box.}"
}
@article{b21,
  title   = " Multiple crossover per couple with selection of the two best offspring: an experimental study with the BLX$-\alpha$ crossover operator for real-coded genetic algorithms ",
  journal = "Ibero-American Conference on Artificial Intelligence ",
  pages   = "392--401",
  year    = "2002",
  author  = "F. Herrera and M. Lozano and E. P{\'e}rez and A. M. S{\'a}nchez and P. {Villar.}"
}

@article{b23,
  title="A practical tutorial on the use of nonparametric statistical tests as a methodology for comparing evolutionary and swarm intelligence algorithms",
  journal="Swarm and Evolutionary Computation",
  volume="1",
  number="1",
  pages="3--18",
  year="2011",
  publisher="Elsevier",
  author="J. Derrac and S. Garc and D. Molina and F. {Herrera.}"
}

@article{b25,
  title=" Genetic algorithm for solving minimal exposure path problem in mobile sensor networks",
  journal="Computational Intelligence (SSCI), IEEE Symposium Series on",
  volume="",
  number="",
  pages="1--8",
  year="2017",
  publisher="Elsevier",
  author="N. T. M. Binh and C. M. Thang and N. D. Nghia and H. T. T {Binh.}"
}
